@article{Bowler:1996ws,
      author         = "Bowler, K. C. and Kenway, R. D. and Oliveira, O. and
                        Richards, D. G. and Uberholz, P. and Lellouch, L. and
                        Nieves, J. and Sachrajda, Christopher T. and Stella, N.
                        and Wittig, H.",
      title          = "{Heavy baryon spectroscopy from the lattice}",
      collaboration  = "UKQCD",
      journal        = "Phys. Rev.",
      volume         = "D54",
      year           = "1996",
      pages          = "3619-3633",
      doi            = "10.1103/PhysRevD.54.3619",
      eprint         = "hep-lat/9601022",
      archivePrefix  = "arXiv",
      primaryClass   = "hep-lat",
      reportNumber   = "EDINBURGH-95-555, UG-DFM-3-96A, CPT-95-PE-3244,
                        SHEP-95-31, SOUTHAMPTON-PREPRINT-SHEP-95-31",
      SLACcitation   = "%%CITATION = HEP-LAT/9601022;%%"
}

@article{Briceno:2012wt,
      author         = "Briceno, Raul A. and Lin, Huey-Wen and Bolton, Daniel R.",
      title          = "{Charmed-Baryon Spectroscopy from Lattice QCD with
                        N_f=2+1+1 Flavors}",
      journal        = "Phys. Rev.",
      volume         = "D86",
      year           = "2012",
      pages          = "094504",
      doi            = "10.1103/PhysRevD.86.094504",
      eprint         = "1207.3536",
      archivePrefix  = "arXiv",
      primaryClass   = "hep-lat",
      reportNumber   = "NT-UW-12-12, NT@UW-12-12",
      SLACcitation   = "%%CITATION = ARXIV:1207.3536;%%"
}

@article{Meinel:2010pv,
      author         = "Meinel, Stefan",
      title          = "{Bottomonium spectrum at order $v^6$ from domain-wall
                        lattice QCD: Precise results for hyperfine splittings}",
      journal        = "Phys. Rev.",
      volume         = "D82",
      year           = "2010",
      pages          = "114502",
      doi            = "10.1103/PhysRevD.82.114502",
      eprint         = "1007.3966",
      archivePrefix  = "arXiv",
      primaryClass   = "hep-lat",
      SLACcitation   = "%%CITATION = ARXIV:1007.3966;%%"
}

@article{Patrignani:2016xqp,
      author         = "Patrignani, C. and others",
      title          = "{Review of Particle Physics}",
      collaboration  = "Particle Data Group",
      journal        = "Chin. Phys.",
      volume         = "C40",
      year           = "2016",
      number         = "10",
      pages          = "100001",
      doi            = "10.1088/1674-1137/40/10/100001",
      SLACcitation   = "%%CITATION = CHPHD,C40,100001;%%"
}

@article{Dowdall:2012ab,
      author         = "Dowdall, R. J. and Davies, C. T. H. and Hammant, T. C.
                        and Horgan, R. R.",
      title          = "{Precise heavy-light meson masses and hyperfine
                        splittings from lattice QCD including charm quarks in the
                        sea}",
      journal        = "Phys. Rev.",
      volume         = "D86",
      year           = "2012",
      pages          = "094510",
      doi            = "10.1103/PhysRevD.86.094510",
      eprint         = "1207.5149",
      archivePrefix  = "arXiv",
      primaryClass   = "hep-lat",
      SLACcitation   = "%%CITATION = ARXIV:1207.5149;%%"
}

@article{Wurtz:2015mqa,
      author         = "Wurtz, Mark and Lewis, Randy and Woloshyn, R. M.",
      title          = "{Free-form smearing for bottomonium and B meson
                        spectroscopy}",
      journal        = "Phys. Rev.",
      volume         = "D92",
      year           = "2015",
      number         = "5",
      pages          = "054504",
      doi            = "10.1103/PhysRevD.92.054504",
      eprint         = "1505.04410",
      archivePrefix  = "arXiv",
      primaryClass   = "hep-lat",
      SLACcitation   = "%%CITATION = ARXIV:1505.04410;%%"
}

@article{Gregory:2010gm,
      author         = "Gregory, Eric B. and others",
      title          = "{Precise B, B_s and B_c meson spectroscopy from full
                        lattice QCD}",
      journal        = "Phys. Rev.",
      volume         = "D83",
      year           = "2011",
      pages          = "014506",
      doi            = "10.1103/PhysRevD.83.014506",
      eprint         = "1010.3848",
      archivePrefix  = "arXiv",
      primaryClass   = "hep-lat",
      SLACcitation   = "%%CITATION = ARXIV:1010.3848;%%"
}

@article{Gregory:2009hq,
      author         = "Gregory, E. B. and Davies, C. T. H. and Follana, E. and
                        Gamiz, E. and Kendall, I. D. and Lepage, G. P. and Na, H.
                        and Shigemitsu, J. and Wong, K. Y.",
      title          = "{A Prediction of the B*(c) mass in full lattice QCD}",
      journal        = "Phys. Rev. Lett.",
      volume         = "104",
      year           = "2010",
      pages          = "022001",
      doi            = "10.1103/PhysRevLett.104.022001",
      eprint         = "0909.4462",
      archivePrefix  = "arXiv",
      primaryClass   = "hep-lat",
      SLACcitation   = "%%CITATION = ARXIV:0909.4462;%%"
}

@article{Monteiro:2016rzi,
      author         = "Monteiro, Antony Prakash and Bhat, Manjunath and Vijaya
                        Kumar, K. B.",
      title          = "{$c\bar{b}$ spectrum and decay properties with coupled
                        channel effects}",
      journal        = "Phys. Rev.",
      volume         = "D95",
      year           = "2017",
      number         = "5",
      pages          = "054016",
      doi            = "10.1103/PhysRevD.95.054016",
      eprint         = "1608.05782",
      archivePrefix  = "arXiv",
      primaryClass   = "hep-ph",
      SLACcitation   = "%%CITATION = ARXIV:1608.05782;%%"
}

@article{Fulcher:1998ka,
      author         = "Fulcher, Lewis P.",
      title          = "{Phenomenological predictions of the properties of the
                        $B_c$ system}",
      journal        = "Phys. Rev.",
      volume         = "D60",
      year           = "1999",
      pages          = "074006",
      doi            = "10.1103/PhysRevD.60.074006",
      eprint         = "hep-ph/9806444",
      archivePrefix  = "arXiv",
      primaryClass   = "hep-ph",
      SLACcitation   = "%%CITATION = HEP-PH/9806444;%%"
}

@article{Godfrey:2004ya,
      author         = "Godfrey, Stephen",
      title          = "{Spectroscopy of $B_c$ mesons in the relativized quark
                        model}",
      journal        = "Phys. Rev.",
      volume         = "D70",
      year           = "2004",
      pages          = "054017",
      doi            = "10.1103/PhysRevD.70.054017",
      eprint         = "hep-ph/0406228",
      archivePrefix  = "arXiv",
      primaryClass   = "hep-ph",
      reportNumber   = "ADP-04-17-T599",
      SLACcitation   = "%%CITATION = HEP-PH/0406228;%%"
}

@article{Eichten:1994gt,
      author         = "Eichten, Estia J. and Quigg, Chris",
      title          = "{Mesons with beauty and charm: Spectroscopy}",
      journal        = "Phys. Rev.",
      volume         = "D49",
      year           = "1994",
      pages          = "5845-5856",
      doi            = "10.1103/PhysRevD.49.5845",
      eprint         = "hep-ph/9402210",
      archivePrefix  = "arXiv",
      primaryClass   = "hep-ph",
      reportNumber   = "FERMILAB-PUB-94-032-T",
      SLACcitation   = "%%CITATION = HEP-PH/9402210;%%"
}

@article{Kiselev:1994rc,
      author         = "Kiselev, V. V. and Likhoded, A. K. and Tkabladze, A. V.",
      title          = "{B(c) spectroscopy}",
      journal        = "Phys. Rev.",
      volume         = "D51",
      year           = "1995",
      pages          = "3613-3627",
      doi            = "10.1103/PhysRevD.51.3613",
      eprint         = "hep-ph/9406339",
      archivePrefix  = "arXiv",
      primaryClass   = "hep-ph",
      reportNumber   = "IFVE-94-51",
      SLACcitation   = "%%CITATION = HEP-PH/9406339;%%"
}

@article{Gupta:1995ps,
      author         = "Gupta, Suraj N. and Johnson, James M.",
      title          = "{B(c) spectroscopy in a quantum chromodynamic potential
                        model}",
      journal        = "Phys. Rev.",
      volume         = "D53",
      year           = "1996",
      pages          = "312-314",
      doi            = "10.1103/PhysRevD.53.312",
      eprint         = "hep-ph/9511267",
      archivePrefix  = "arXiv",
      primaryClass   = "hep-ph",
      SLACcitation   = "%%CITATION = HEP-PH/9511267;%%"
}

@article{Ebert:2002pp,
      author         = "Ebert, D. and Faustov, R. N. and Galkin, V. O.",
      title          = "{Properties of heavy quarkonia and $B_c$ mesons in the
                        relativistic quark model}",
      journal        = "Phys. Rev.",
      volume         = "D67",
      year           = "2003",
      pages          = "014027",
      doi            = "10.1103/PhysRevD.67.014027",
      eprint         = "hep-ph/0210381",
      archivePrefix  = "arXiv",
      primaryClass   = "hep-ph",
      reportNumber   = "HU-EP-02-45",
      SLACcitation   = "%%CITATION = HEP-PH/0210381;%%"
}

@article{Zeng:1994vj,
      author         = "Zeng, J. and Van Orden, J. W. and Roberts, W.",
      title          = "{Heavy mesons in a relativistic model}",
      journal        = "Phys. Rev.",
      volume         = "D52",
      year           = "1995",
      pages          = "5229-5241",
      doi            = "10.1103/PhysRevD.52.5229",
      eprint         = "hep-ph/9412269",
      archivePrefix  = "arXiv",
      primaryClass   = "hep-ph",
      reportNumber   = "CEBAF-TH-94-08",
      SLACcitation   = "%%CITATION = HEP-PH/9412269;%%"
}

@article{Vijande:2004he,
      author         = "Vijande, J. and Fernandez, F. and Valcarce, A.",
      title          = "{Constituent quark model study of the meson spectra}",
      journal        = "J. Phys.",
      volume         = "G31",
      year           = "2005",
      pages          = "481",
      doi            = "10.1088/0954-3899/31/5/017",
      eprint         = "hep-ph/0411299",
      archivePrefix  = "arXiv",
      primaryClass   = "hep-ph",
      SLACcitation   = "%%CITATION = HEP-PH/0411299;%%"
}

@article{Godfrey:1985xj,
      author         = "Godfrey, S. and Isgur, Nathan",
      title          = "{Mesons in a Relativized Quark Model with
                        Chromodynamics}",
      journal        = "Phys. Rev.",
      volume         = "D32",
      year           = "1985",
      pages          = "189-231",
      doi            = "10.1103/PhysRevD.32.189",
      SLACcitation   = "%%CITATION = PHRVA,D32,189;%%"
}

@article{Allison:2004be,
      author         = "Allison, Ian F. and Davies, Christine T. H. and Gray,
                        Alan and Kronfeld, Andreas S. and Mackenzie, Paul B. and
                        Simone, James N.",
      title          = "{Mass of the $B_c$ meson in three-flavor lattice QCD}",
      collaboration  = "Fermilab Lattice, HPQCD, UKQCD",
      journal        = "Phys. Rev. Lett.",
      volume         = "94",
      year           = "2005",
      pages          = "172001",
      doi            = "10.1103/PhysRevLett.94.172001",
      eprint         = "hep-lat/0411027",
      archivePrefix  = "arXiv",
      primaryClass   = "hep-lat",
      reportNumber   = "FERMILAB-PUB-04-349-T",
      SLACcitation   = "%%CITATION = HEP-LAT/0411027;%%"
}

@article{Garcilazo:2016piq,
      author         = "Garcilazo, H. and Valcarce, A. and Vijande, J.",
      title          = "{Doubly heavy baryon spectra guided by lattice QCD}",
      journal        = "Phys. Rev.",
      volume         = "D94",
      year           = "2016",
      number         = "7",
      pages          = "074003",
      doi            = "10.1103/PhysRevD.94.074003",
      eprint         = "1609.06886",
      archivePrefix  = "arXiv",
      primaryClass   = "hep-ph",
      SLACcitation   = "%%CITATION = ARXIV:1609.06886;%%"
}

@article{Mathur:2002ce,
      author         = "Mathur, Nilmani and Lewis, Randy and Woloshyn, R. M.",
      title          = "{Charmed and bottom baryons from lattice NRQCD}",
      journal        = "Phys. Rev.",
      volume         = "D66",
      year           = "2002",
      pages          = "014502",
      doi            = "10.1103/PhysRevD.66.014502",
      eprint         = "hep-ph/0203253",
      archivePrefix  = "arXiv",
      primaryClass   = "hep-ph",
      SLACcitation   = "%%CITATION = HEP-PH/0203253;%%"
}

@article{Tsuge:1985ei,
      author         = "Tsuge, Masayasu and Morii, Toshiyuki and Morishita,
                        Junya",
      title          = "{Baryon Spectrum in the Potential Model With Relativistic
                        Corrections}",
      journal        = "Mod. Phys. Lett.",
      volume         = "A1",
      year           = "1986",
      pages          = "131",
      doi            = "10.1142/S0217732386000191",
      note           = "[Erratum: Mod. Phys. Lett.A2,283(1987)]",
      reportNumber   = "KOBE-85-09",
      SLACcitation   = "%%CITATION = MPLAE,A1,131;%%"
}

@article{Ponce:1978gk,
      author         = "Ponce, W.",
      title          = "{Heavy Quarks in a Spherical Bag}",
      journal        = "Phys. Rev.",
      volume         = "D19",
      year           = "1979",
      pages          = "2197",
      doi            = "10.1103/PhysRevD.19.2197",
      reportNumber   = "Print-78-1015 (MASS U.,AMHERST)",
      SLACcitation   = "%%CITATION = PHRVA,D19,2197;%%"
}

@article{Jia:2006gw,
      author         = "Jia, Yu",
      title          = "{Variational study of weakly coupled triply heavy
                        baryons}",
      journal        = "JHEP",
      volume         = "10",
      year           = "2006",
      pages          = "073",
      doi            = "10.1088/1126-6708/2006/10/073",
      eprint         = "hep-ph/0607290",
      archivePrefix  = "arXiv",
      primaryClass   = "hep-ph",
      SLACcitation   = "%%CITATION = HEP-PH/0607290;%%"
}

@article{Flynn:2011gf,
      author         = "Flynn, J. M. and Hernandez, E. and Nieves, J.",
      title          = "{Triply Heavy Baryons and Heavy Quark Spin Symmetry}",
      journal        = "Phys. Rev.",
      volume         = "D85",
      year           = "2012",
      pages          = "014012",
      doi            = "10.1103/PhysRevD.85.014012",
      eprint         = "1110.2962",
      archivePrefix  = "arXiv",
      primaryClass   = "hep-ph",
      SLACcitation   = "%%CITATION = ARXIV:1110.2962;%%"
}

@article{Ghalenovi:2014swa,
      author         = "Ghalenovi, Zahra and Rajabi, Ali Akbar and Qin, Si-xue
                        and Rischke, Dirk. H.",
      title          = "{Ground-State Masses and Magnetic Moments of Heavy
                        Baryons}",
      journal        = "Mod. Phys. Lett.",
      volume         = "A29",
      year           = "2014",
      pages          = "1450106",
      doi            = "10.1142/S0217732314501065",
      eprint         = "1403.4582",
      archivePrefix  = "arXiv",
      primaryClass   = "hep-ph",
      SLACcitation   = "%%CITATION = ARXIV:1403.4582;%%"
}

@article{Wang:2011ae,
      author         = "Wang, Zhi-Gang",
      title          = "{Analysis of the Triply Heavy Baryon States with QCD Sum
                        Rules}",
      journal        = "Commun. Theor. Phys.",
      volume         = "58",
      year           = "2012",
      pages          = "723-731",
      doi            = "10.1088/0253-6102/58/5/17",
      eprint         = "1112.2274",
      archivePrefix  = "arXiv",
      primaryClass   = "hep-ph",
      SLACcitation   = "%%CITATION = ARXIV:1112.2274;%%"
}

@article{Brown:2014ena,
      author         = "Brown, Zachary S. and Detmold, William and Meinel, Stefan
                        and Orginos, Kostas",
      title          = "{Charmed bottom baryon spectroscopy from lattice QCD}",
      journal        = "Phys. Rev.",
      volume         = "D90",
      year           = "2014",
      number         = "9",
      pages          = "094507",
      doi            = "10.1103/PhysRevD.90.094507",
      eprint         = "1409.0497",
      archivePrefix  = "arXiv",
      primaryClass   = "hep-lat",
      reportNumber   = "JLAB-THY-14-1950",
      SLACcitation   = "%%CITATION = ARXIV:1409.0497;%%"
}

@article{Hasenfratz:1980ka,
      author         = "Hasenfratz, P. and Horgan, R. R. and Kuti, J. and
                        Richard, J. M.",
      title          = "{Heavy Baryon Spectroscopy in the {QCD} Bag Model}",
      journal        = "Phys. Lett.",
      volume         = "94B",
      year           = "1980",
      pages          = "401-404",
      doi            = "10.1016/0370-2693(80)90906-5",
      reportNumber   = "CERN-TH-2838",
      SLACcitation   = "%%CITATION = PHLTA,94B,401;%%"
}

@article{Martynenko:2007je,
      author         = "Martynenko, A. P.",
      title          = "{Ground-state triply and doubly heavy baryons in a
                        relativistic three-quark model}",
      journal        = "Phys. Lett.",
      volume         = "B663",
      year           = "2008",
      pages          = "317-321",
      doi            = "10.1016/j.physletb.2008.04.030",
      eprint         = "0708.2033",
      archivePrefix  = "arXiv",
      primaryClass   = "hep-ph",
      reportNumber   = "SSU-HEP-07-8",
      SLACcitation   = "%%CITATION = ARXIV:0708.2033;%%"
}

@article{Tang:2011fv,
      author         = "Tang, Liang and Yuan, Xu-Hao and Qiao, Cong-Feng and Li,
                        Xue-Qian",
      title          = "{Study of Doubly Heavy Baryon Spectrum via QCD Sum
                        Rules}",
      journal        = "Commun. Theor. Phys.",
      volume         = "57",
      year           = "2012",
      pages          = "435-444",
      doi            = "10.1088/0253-6102/57/3/15",
      eprint         = "1104.4934",
      archivePrefix  = "arXiv",
      primaryClass   = "hep-ph",
      SLACcitation   = "%%CITATION = ARXIV:1104.4934;%%"
}

@article{Gershtein:2000nx,
      author         = "Gershtein, S. S. and Kiselev, V. V. and Likhoded, A. K.
                        and Onishchenko, A. I.",
      title          = "{Spectroscopy of doubly heavy baryons}",
      journal        = "Phys. Rev.",
      volume         = "D62",
      year           = "2000",
      pages          = "054021",
      doi            = "10.1103/PhysRevD.62.054021",
      SLACcitation   = "%%CITATION = PHRVA,D62,054021;%%"
}

@article{Bernotas:2008bu,
      author         = "Bernotas, Andrius and Simonis, Vytautas",
      title          = "{Heavy hadron spectroscopy and the bag model}",
      journal        = "Lith. J. Phys.",
      volume         = "49",
      year           = "2009",
      pages          = "19-28",
      doi            = "10.3952/lithjphys.49110",
      eprint         = "0808.1220",
      archivePrefix  = "arXiv",
      primaryClass   = "hep-ph",
      SLACcitation   = "%%CITATION = ARXIV:0808.1220;%%"
}

@article{LlanesEstrada:2011kc,
      author         = "Llanes-Estrada, Felipe J. and Pavlova, Olga I. and
                        Williams, Richard",
      title          = "{A First Estimate of Triply Heavy Baryon Masses from the
                        pNRQCD Perturbative Static Potential}",
      journal        = "Eur. Phys. J.",
      volume         = "C72",
      year           = "2012",
      pages          = "2019",
      doi            = "10.1140/epjc/s10052-012-2019-9",
      eprint         = "1111.7087",
      archivePrefix  = "arXiv",
      primaryClass   = "hep-ph",
      SLACcitation   = "%%CITATION = ARXIV:1111.7087;%%"
}

@article{Bernotas:2008fv,
      author         = "Bernotas, Andrius and Simonis, Vytautas",
      title          = "{Mixing of heavy baryons in the bag model calculations}",
      journal        = "Lith. J. Phys. Tech. Sci.",
      volume         = "48",
      year           = "2008",
      pages          = "127",
      doi            = "10.3952/lithjphys.48202",
      eprint         = "0801.3570",
      archivePrefix  = "arXiv",
      primaryClass   = "hep-ph",
      SLACcitation   = "%%CITATION = ARXIV:0801.3570;%%"
}

@article{Zhang:2009re,
      author         = "Zhang, Jian-Rong and Huang, Ming-Qiu",
      title          = "{Deciphering triply heavy baryons in terms of QCD sum
                        rules}",
      journal        = "Phys. Lett.",
      volume         = "B674",
      year           = "2009",
      pages          = "28-35",
      doi            = "10.1016/j.physletb.2009.02.056",
      eprint         = "0902.3297",
      archivePrefix  = "arXiv",
      primaryClass   = "hep-ph",
      SLACcitation   = "%%CITATION = ARXIV:0902.3297;%%"
}

@article{Giannuzzi:2009gh,
      author         = "Giannuzzi, Floriana",
      title          = "{Doubly heavy baryons in a Salpeter model with AdS/QCD
                        inspired potential}",
      journal        = "Phys. Rev.",
      volume         = "D79",
      year           = "2009",
      pages          = "094002",
      doi            = "10.1103/PhysRevD.79.094002",
      eprint         = "0902.4624",
      archivePrefix  = "arXiv",
      primaryClass   = "hep-ph",
      reportNumber   = "BARI-TH-605-09",
      SLACcitation   = "%%CITATION = ARXIV:0902.4624;%%"
}

@article{Eakins:2012jk,
      author         = "Eakins, B. and Roberts, W.",
      title          = "{Symmetries and Systematics of Doubly Heavy Hadrons}",
      journal        = "Int. J. Mod. Phys.",
      volume         = "A27",
      year           = "2012",
      pages          = "1250039",
      doi            = "10.1142/S0217751X1250039X",
      eprint         = "1201.4885",
      archivePrefix  = "arXiv",
      primaryClass   = "nucl-th",
      SLACcitation   = "%%CITATION = ARXIV:1201.4885;%%"
}

@article{Aliev:2012iv,
      author         = "Aliev, T. M. and Azizi, K. and Savci, M.",
      title          = "{The masses and residues of doubly heavy spin-3/2
                        baryons}",
      journal        = "J. Phys.",
      volume         = "G40",
      year           = "2013",
      pages          = "065003",
      doi            = "10.1088/0954-3899/40/6/065003",
      eprint         = "1208.1976",
      archivePrefix  = "arXiv",
      primaryClass   = "hep-ph",
      SLACcitation   = "%%CITATION = ARXIV:1208.1976;%%"
}

@article{Aliev:2012ru,
      author         = "Aliev, T. M. and Azizi, K. and Savci, M.",
      title          = "{Doubly Heavy Spin--1/2 Baryon Spectrum in QCD}",
      journal        = "Nucl. Phys.",
      volume         = "A895",
      year           = "2012",
      pages          = "59-70",
      doi            = "10.1016/j.nuclphysa.2012.09.009",
      eprint         = "1205.2873",
      archivePrefix  = "arXiv",
      primaryClass   = "hep-ph",
      SLACcitation   = "%%CITATION = ARXIV:1205.2873;%%"
}

@article{Karliner:2017gml,
      author         = "Karliner, Marek and Rosner, Jonathan L.",
      title          = "{Isospin splittings in baryons with two heavy quarks}",
      journal        = "Phys. Rev.",
      volume         = "D96",
      year           = "2017",
      number         = "3",
      pages          = "033004",
      doi            = "10.1103/PhysRevD.96.033004",
      eprint         = "1706.06961",
      archivePrefix  = "arXiv",
      primaryClass   = "hep-ph",
      reportNumber   = "EFI-17-14, TAUP-3019-17",
      SLACcitation   = "%%CITATION = ARXIV:1706.06961;%%"
}

@article{Bjorken:1986xpa,
      author         = "Bjorken, James",
      title          = "{Masses of charm and strange baryons}",
      journal        = "-",
      year           = "1986",
      reportNumber   = "FERMILAB-FN-0986-T",
      SLACcitation   = "%%CITATION = FERMILAB-FN-0986-T;%%"
}

@article{Ebert:1996ec,
      author         = "Ebert, D. and Faustov, R. N. and Galkin, V. O. and
                        Martynenko, A. P. and Saleev, V. A.",
      title          = "{Heavy baryons in the relativistic quark model}",
      journal        = "Z. Phys.",
      volume         = "C76",
      year           = "1997",
      pages          = "111-115",
      doi            = "10.1007/s002880050534",
      eprint         = "hep-ph/9607314",
      archivePrefix  = "arXiv",
      primaryClass   = "hep-ph",
      reportNumber   = "DESY-96-135, HUB-EP-96-25",
      SLACcitation   = "%%CITATION = HEP-PH/9607314;%%"
}

@article{SilvestreBrac:1996bg,
      author         = "Silvestre-Brac, B.",
      title          = "{Spectrum and static properties of heavy baryons}",
      journal        = "Few Body Syst.",
      volume         = "20",
      year           = "1996",
      pages          = "1-25",
      doi            = "10.1007/s006010050028",
      SLACcitation   = "%%CITATION = FBSYE,20,1;%%"
}

@article{SilvestreBrac:1996wp,
      author         = "Silvestre-Brac, B.",
      title          = "{Spectroscopy of baryons containing heavy quarks}",
      booktitle      = "{Quarks in hadrons and nuclei. Proceedings, International
                        School of Nuclear Physics, Erice, Italy, September 19-27,
                        1995}",
      journal        = "Prog. Part. Nucl. Phys.",
      volume         = "36",
      year           = "1996",
      pages          = "263-273",
      doi            = "10.1016/0146-6410(96)00030-0",
      SLACcitation   = "%%CITATION = PPNPD,36,263;%%"
}

@inproceedings{Narodetskii:2002ib,
      author         = "Narodetskii, I. M. and Trusov, M. A.",
      title          = "{The Doubly heavy baryons in the nonperturbative QCD
                        approach}",
      booktitle      = "{The structure of baryons. Proceedings, 9th International
                        Conference, Baryons 2002, Newport News, USA, March 3-8,
                        2002}",
      year           = "2002",
      pages          = "639-642",
      doi            = "10.1142/9789812704887_0101",
      eprint         = "hep-ph/0204320",
      archivePrefix  = "arXiv",
      primaryClass   = "hep-ph",
      SLACcitation   = "%%CITATION = HEP-PH/0204320;%%"
}

@article{Ebert:2002ig,
      author         = "Ebert, D. and Faustov, R. N. and Galkin, V. O. and
                        Martynenko, A. P.",
      title          = "{Mass spectra of doubly heavy baryons in the relativistic
                        quark model}",
      journal        = "Phys. Rev.",
      volume         = "D66",
      year           = "2002",
      pages          = "014008",
      doi            = "10.1103/PhysRevD.66.014008",
      eprint         = "hep-ph/0201217",
      archivePrefix  = "arXiv",
      primaryClass   = "hep-ph",
      reportNumber   = "HU-EP-02-01",
      SLACcitation   = "%%CITATION = HEP-PH/0201217;%%"
}

@article{He:2004px,
      author         = "He, Da-Heng and Qian, Ke and Ding, Yi-Bing and Li,
                        Xue-Qian and Shen, Peng-Nian",
      title          = "{Evaluation of spectra of baryons containing two heavy
                        quarks in bag model}",
      journal        = "Phys. Rev.",
      volume         = "D70",
      year           = "2004",
      pages          = "094004",
      doi            = "10.1103/PhysRevD.70.094004",
      eprint         = "hep-ph/0403301",
      archivePrefix  = "arXiv",
      primaryClass   = "hep-ph",
      SLACcitation   = "%%CITATION = HEP-PH/0403301;%%"
}

@article{Albertus:2006ya,
      author         = "Albertus, C. and Hernandez, E. and Nieves, J. and
                        Verde-Velasco, J. M.",
      title          = "{Static properties and semileptonic decays of doubly
                        heavy baryons in a nonrelativistic quark model}",
      journal        = "Eur. Phys. J.",
      volume         = "A32",
      year           = "2007",
      pages          = "183-199",
      doi            = "10.1140/epja/i2007-10364-y, 10.1140/epja/i2008-10547-0",
      note           = "[Erratum: Eur. Phys. J.A36,119(2008)]",
      eprint         = "hep-ph/0610030",
      archivePrefix  = "arXiv",
      primaryClass   = "hep-ph",
      SLACcitation   = "%%CITATION = HEP-PH/0610030;%%"
}

@article{Roberts:2007ni,
      author         = "Roberts, W. and Pervin, Muslema",
      title          = "{Heavy baryons in a quark model}",
      journal        = "Int. J. Mod. Phys.",
      volume         = "A23",
      year           = "2008",
      pages          = "2817-2860",
      doi            = "10.1142/S0217751X08041219",
      eprint         = "0711.2492",
      archivePrefix  = "arXiv",
      primaryClass   = "nucl-th",
      reportNumber   = "JLAB-THY-07-751",
      SLACcitation   = "%%CITATION = ARXIV:0711.2492;%%"
}

@article{Weng:2010rb,
      author         = "Weng, M. -H. and Guo, X. -H. and Thomas, A. W.",
      title          = "{Bethe-Salpeter equation for doubly heavy baryons in the
                        covariant instantaneous approximation}",
      journal        = "Phys. Rev.",
      volume         = "D83",
      year           = "2011",
      pages          = "056006",
      doi            = "10.1103/PhysRevD.83.056006",
      eprint         = "1012.0082",
      archivePrefix  = "arXiv",
      primaryClass   = "hep-ph",
      reportNumber   = "ADP-10-26-T722",
      SLACcitation   = "%%CITATION = ARXIV:1012.0082;%%"
}

@article{Zhang:2008rt,
      author         = "Zhang, Jian-Rong and Huang, Ming-Qiu",
      title          = "{Doubly heavy baryons in QCD sum rules}",
      journal        = "Phys. Rev.",
      volume         = "D78",
      year           = "2008",
      pages          = "094007",
      doi            = "10.1103/PhysRevD.78.094007",
      eprint         = "0810.5396",
      archivePrefix  = "arXiv",
      primaryClass   = "hep-ph",
      SLACcitation   = "%%CITATION = ARXIV:0810.5396;%%"
}

@article{Gerasyuta:2008zy,
      author         = "Gerasyuta, S. M. and Matskevich, E. E.",
      title          = "{S-wave bottom baryons}",
      journal        = "Int. J. Mod. Phys.",
      volume         = "E18",
      year           = "2009",
      pages          = "1785-1799",
      doi            = "10.1142/S0218301309013841",
      eprint         = "0803.3497",
      archivePrefix  = "arXiv",
      primaryClass   = "hep-ph",
      SLACcitation   = "%%CITATION = ARXIV:0803.3497;%%"
}

@article{Shah:2017liu,
      author         = "Shah, Zalak and Rai, Ajay Kumar",
      title          = "{Excited state mass spectra of doubly heavy $\Xi$
                        baryons}",
      journal        = "Eur. Phys. J.",
      volume         = "C77",
      year           = "2017",
      number         = "2",
      pages          = "129",
      doi            = "10.1140/epjc/s10052-017-4688-x",
      eprint         = "1702.02726",
      archivePrefix  = "arXiv",
      primaryClass   = "hep-ph",
      SLACcitation   = "%%CITATION = ARXIV:1702.02726;%%"
}

@article{Shah:2016vmd,
      author         = "Shah, Zalak and Thakkar, Kaushal and Rai, Ajay Kumar",
      title          = "{Excited State Mass spectra of doubly heavy baryons
                        $\Omega_{cc}$, $\Omega_{bb}$ and $\Omega_{bc}$}",
      journal        = "Eur. Phys. J.",
      volume         = "C76",
      year           = "2016",
      number         = "10",
      pages          = "530",
      doi            = "10.1140/epjc/s10052-016-4379-z",
      eprint         = "1609.03030",
      archivePrefix  = "arXiv",
      primaryClass   = "hep-ph",
      SLACcitation   = "%%CITATION = ARXIV:1609.03030;%%"
}

@article{Kiselev:2001fw,
      author         = "Kiselev, V. V. and Likhoded, A. K.",
      title          = "{Baryons with two heavy quarks}",
      journal        = "Phys. Usp.",
      volume         = "45",
      year           = "2002",
      pages          = "455-506",
      doi            = "10.1070/PU2002v045n05ABEH000958",
      note           = "[Usp. Fiz. Nauk172,497(2002)]",
      eprint         = "hep-ph/0103169",
      archivePrefix  = "arXiv",
      primaryClass   = "hep-ph",
      SLACcitation   = "%%CITATION = HEP-PH/0103169;%%"
}


@inproceedings{Anikeev:2001rk,
      author         = "Anikeev, K. and others",
      title          = "{$B$ physics at the Tevatron: Run II and beyond}",
      booktitle      = "{Workshop on B Physics at the Tevatron: Run II and Beyond
                        Batavia, Illinois, September 23-25, 1999}",
      url            = "http://lss.fnal.gov/cgi-bin/find_paper.pl?pub-01-197",
      year           = "2001",
      eprint         = "hep-ph/0201071",
      archivePrefix  = "arXiv",
      primaryClass   = "hep-ph",
      reportNumber   = "SLAC-REPRINT-2001-056, FERMILAB-PUB-01-197",
      SLACcitation   = "%%CITATION = HEP-PH/0201071;%%"
}

@article{Bjorken:1985ei,
      author         = "Bjorken, J. D.",
      title          = "{Is the ccc a new deal for baryon spectroscopy?}",
      booktitle      = "{Proceedings, International Conference on Hadron
                        Spectroscopy: College Park, Maryland, April 20-22, 1985}",
      journal        = "AIP Conf. Proc.",
      volume         = "132",
      year           = "1985",
      pages          = "390-403",
      doi            = "10.1063/1.35379",
      reportNumber   = "FERMILAB-CONF-85-069",
      SLACcitation   = "%%CITATION = APCPC,132,390;%%"
}

@article{DeRujula:1975qlm,
      author         = "De Rujula, A. and Georgi, Howard and Glashow, S. L.",
      title          = "{Hadron Masses in a Gauge Theory}",
      journal        = "Phys. Rev.",
      volume         = "D12",
      year           = "1975",
      pages          = "147-162",
      doi            = "10.1103/PhysRevD.12.147",
      reportNumber   = "PRINT-75-0182 (HARVARD)",
      SLACcitation   = "%%CITATION = PHRVA,D12,147;%%"
}

@article{Bagan:1994dy,
      author         = "Bagan, E. and Dosch, Hans Gunter and Gosdzinsky, P. and
                        Narison, Stephan and Richard, J. M.",
      title          = "{Hadrons with charm and beauty}",
      journal        = "Z. Phys.",
      volume         = "C64",
      year           = "1994",
      pages          = "57-72",
      doi            = "10.1007/BF01557235",
      eprint         = "hep-ph/9403208",
      archivePrefix  = "arXiv",
      primaryClass   = "hep-ph",
      reportNumber   = "UAB-FT-325, CERN-TH-7141-94, HD-THEP-93-51, ISN-93-123,
                        PM-93-44",
      SLACcitation   = "%%CITATION = HEP-PH/9403208;%%"
}

@article{Roncaglia:1995az,
      author         = "Roncaglia, R. and Lichtenberg, D. B. and Predazzi, E.",
      title          = "{Predicting the masses of baryons containing one or two
                        heavy quarks}",
      journal        = "Phys. Rev.",
      volume         = "D52",
      year           = "1995",
      pages          = "1722-1725",
      doi            = "10.1103/PhysRevD.52.1722",
      eprint         = "hep-ph/9502251",
      archivePrefix  = "arXiv",
      primaryClass   = "hep-ph",
      reportNumber   = "IUHET-293, IU-NTC-95-03, DFTT-95-7, DFTT--95-7.",
      SLACcitation   = "%%CITATION = HEP-PH/9502251;%%"
}

@article{Lichtenberg:1995kg,
      author         = "Lichtenberg, D. B. and Roncaglia, R. and Predazzi, E.",
      title          = "{Mass sum rules for singly and doubly heavy flavored
                        hadrons}",
      journal        = "Phys. Rev.",
      volume         = "D53",
      year           = "1996",
      pages          = "6678-6681",
      doi            = "10.1103/PhysRevD.53.6678",
      eprint         = "hep-ph/9511461",
      archivePrefix  = "arXiv",
      primaryClass   = "hep-ph",
      reportNumber   = "IUHET-321, IU-NTC-95-11, DFTT-67-95",
      SLACcitation   = "%%CITATION = HEP-PH/9511461;%%"
}



@article{Karliner:2014gca,
      author         = "Karliner, Marek and Rosner, Jonathan L.",
      title          = "{Baryons with two heavy quarks: Masses, production,
                        decays, and detection}",
      journal        = "Phys. Rev.",
      volume         = "D90",
      year           = "2014",
      number         = "9",
      pages          = "094007",
      doi            = "10.1103/PhysRevD.90.094007",
      eprint         = "1408.5877",
      archivePrefix  = "arXiv",
      primaryClass   = "hep-ph",
      reportNumber   = "EFI-14-28, TAUP-2986-14",
      SLACcitation   = "%%CITATION = ARXIV:1408.5877;%%"
}

@Article{Roper:1964zza,
      author         = "Roper, L. David",
      title          = "{Evidence for a P-11 Pion-Nucleon Resonance at 556 MeV}",
      journal        = "Phys. Rev. Lett.",
      volume         = "12",
      year           = "1964",
      pages          = "340-342",
      doi            = "10.1103/PhysRevLett.12.340",
      SLACcitation   = "%%CITATION = PRLTA,12,340;%%"
}
@Article{Wilson:1974sk,
  author       = {Wilson, Kenneth G.},
  title        = {{Confinement of Quarks }},
  journal      = {Phys.Rev.},
  year         = {1974},
  volume       = {D10},
  pages        = {2445-2459},
  note         = {{Legen \ldots Wait for it \ldots Dary}},
  doi          = {10.1103/PhysRevD.10.2445},
  file         = {Published version:Wilson_1974sk.pdf:PDF},
  slaccitation = {%%CITATION = PHRVA,D10,2445;%%},
}
@Article{Symanzik:1983dc,
  author       = {Symanzik, K.},
  title        = {{Continuum Limit and Improved Action in Lattice Theories. 1. Principles and phi**4 Theory}},
  journal      = {Nucl.Phys.},
  year         = {1983},
  volume       = {B226},
  pages        = {187},
  doi          = {10.1016/0550-3213(83)90468-6},
  file         = {Published version:Symanzik_1983dc.pdf:PDF},
  slaccitation = {%%CITATION = NUPHA,B226,187;%%},
}
@proceedings{thiscontrib102,
  author        = {Author, A. and Author, B.},
  title         = {{Insert the corresponding title}},
  note          = {in \emph{Proceedings, \href{http://inspirehep.net/record/1425631}{35th International Symposium on Lattice Field Theory (Lattice2017)}: Granada, Spain}, to appear in EPJ Web Conf.},
  collaboration = "ZETA",
  eprint        = "1710.01000",
  archivePrefix = "arXiv",
  primaryClass  = "hep-lat",
}
@article{Kiratidis:2016hda,
      author         = "Kiratidis, Adrian L. and Kamleh, Waseem and Leinweber,
                        Derek B. and Liu, Zhan-Wei and Stokes, Finn M. and Thomas,
                        Anthony W.",
      title          = "{Search for low-lying lattice QCD eigenstates in the
                        Roper regime}",
      journal        = "Phys. Rev.",
      volume         = "D95",
      year           = "2017",
      number         = "7",
      pages          = "074507",
      doi            = "10.1103/PhysRevD.95.074507",
      eprint         = "1608.03051",
      archivePrefix  = "arXiv",
      primaryClass   = "hep-lat",
      SLACcitation   = "%%CITATION = ARXIV:1608.03051;%%"
}
@article{Aoki:2008sm,
      author         = "Aoki, S. and others",
      title          = "{2+1 Flavor Lattice QCD toward the Physical Point}",
      collaboration  = "PACS-CS",
      journal        = "Phys. Rev.",
      volume         = "D79",
      year           = "2009",
      pages          = "034503",
      doi            = "10.1103/PhysRevD.79.034503",
      eprint         = "0807.1661",
      archivePrefix  = "arXiv",
      primaryClass   = "hep-lat",
      reportNumber   = "UTCCS-P-44, UTHEP-567, HUPD-0801, KANAZAWA-08-06",
      SLACcitation   = "%%CITATION = ARXIV:0807.1661;%%"
}
@article{Roberts:2013oea,
      author         = "Roberts, Dale S. and Kamleh, Waseem and Leinweber, Derek
                        B.",
      title          = "{Nucleon Excited State Wave Functions from Lattice QCD}",
      journal        = "Phys. Rev.",
      volume         = "D89",
      year           = "2014",
      number         = "7",
      pages          = "074501",
      doi            = "10.1103/PhysRevD.89.074501",
      eprint         = "1311.6626",
      archivePrefix  = "arXiv",
      primaryClass   = "hep-lat",
      SLACcitation   = "%%CITATION = ARXIV:1311.6626;%%"
}
@article{Liu:2014jua,
      author         = "Liu, Keh-Fei and Chen, Ying and Gong, Ming and Sufian,
                        Raza and Sun, Mingyang and Li, Anyi",
      title          = "{The Roper Puzzle}",
      booktitle      = "{Proceedings, 31st International Symposium on Lattice
                        Field Theory (Lattice 2013): Mainz, Germany, July
                        29-August 3, 2013}",
      journal        = "PoS",
      volume         = "LATTICE2013",
      year           = "2014",
      pages          = "507",
      eprint         = "1403.6847",
      archivePrefix  = "arXiv",
      primaryClass   = "hep-ph",
      SLACcitation   = "%%CITATION = ARXIV:1403.6847;%%"
}
@article{Peardon:2009gh,
      author         = "Peardon, Michael and Bulava, John and Foley, Justin and
                        Morningstar, Colin and Dudek, Jozef and Edwards, Robert G.
                        and Joo, Balint and Lin, Huey-Wen and Richards, David G.
                        and Juge, Keisuke Jimmy",
      title          = "{A Novel quark-field creation operator construction for
                        hadronic physics in lattice QCD}",
      collaboration  = "Hadron Spectrum",
      journal        = "Phys. Rev.",
      volume         = "D80",
      year           = "2009",
      pages          = "054506",
      doi            = "10.1103/PhysRevD.80.054506",
      eprint         = "0905.2160",
      archivePrefix  = "arXiv",
      primaryClass   = "hep-lat",
      reportNumber   = "JLAB-THY-09-985",
      SLACcitation   = "%%CITATION = ARXIV:0905.2160;%%"
}
@article{Luscher:1985dn,
      author         = "L{\"u}scher, M.",
      title          = "{Volume Dependence of the Energy Spectrum in Massive
                        Quantum Field Theories. 1. Stable Particle States}",
      journal        = "Commun. Math. Phys.",
      volume         = "104",
      year           = "1986",
      pages          = "177",
      doi            = "10.1007/BF01211589",
      reportNumber   = "DESY-85-144",
      SLACcitation   = "%%CITATION = CMPHA,104,177;%%"
}
@article{Michael:1985ne,
      author         = "Michael, Christopher",
      title          = "{Adjoint Sources in Lattice Gauge Theory}",
      journal        = "Nucl. Phys.",
      volume         = "B259",
      year           = "1985",
      pages          = "58-76",
      doi            = "10.1016/0550-3213(85)90297-4",
      reportNumber   = "LTH 125",
      SLACcitation   = "%%CITATION = NUPHA,B259,58;%%"
}
@article{Luscher:1990ux,
      author         = "L{\"u}scher, Martin",
      title          = "{Two particle states on a torus and their relation to the
                        scattering matrix}",
      journal        = "Nucl. Phys.",
      volume         = "B354",
      year           = "1991",
      pages          = "531-578",
      doi            = "10.1016/0550-3213(91)90366-6",
      reportNumber   = "DESY-90-131",
      SLACcitation   = "%%CITATION = NUPHA,B354,531;%%"
}
@article{Luscher:1991cf,
      author         = "L{\"u}scher, Martin",
      title          = "{Signatures of unstable particles in finite volume}",
      journal        = "Nucl. Phys.",
      volume         = "B364",
      year           = "1991",
      pages          = "237-251",
      doi            = "10.1016/0550-3213(91)90584-K",
      reportNumber   = "DESY-91-052",
      SLACcitation   = "%%CITATION = NUPHA,B364,237;%%"
}
@article{Capstick:1986bm,
      author         = "Capstick, Simon and Isgur, Nathan",
      title          = "{Baryons in a Relativized Quark Model with
                        Chromodynamics}",
      booktitle      = "{Proceedings, International Conference on Hadron
                        Spectroscopy: College Park, Maryland, April 20-22, 1985}",
      journal        = "Phys. Rev.",
      volume         = "D34",
      year           = "1986",
      pages          = "2809",
      doi            = "10.1103/PhysRevD.34.2809, 10.1063/1.35361",
      note           = "[AIP Conf. Proc.132,267(1985)]",
      reportNumber   = "UTPT-85-34",
      SLACcitation   = "%%CITATION = PHRVA,D34,2809;%%"
}
@article{Isgur:1978xj,
      author         = "Isgur, Nathan and Karl, Gabriel",
      title          = "{P Wave Baryons in the Quark Model}",
      journal        = "Phys. Rev.",
      volume         = "D18",
      year           = "1978",
      pages          = "4187",
      doi            = "10.1103/PhysRevD.18.4187",
      reportNumber   = "Print-78-1057 (TORONTO)",
      SLACcitation   = "%%CITATION = PHRVA,D18,4187;%%"
}
@article{Golli:2017nid,
      author         = "Golli, B. and Osmanović, H. and Širca, S. and Švarc,
                        A.",
      title          = "{The Roper resonance: a genuine quark state or a
                        dynamically generated structure?}",
      year           = "2017",
      eprint         = "1709.09025",
      archivePrefix  = "arXiv",
      primaryClass   = "hep-ph",
      SLACcitation   = "%%CITATION = ARXIV:1709.09025;%%"
}
@article{Krehl:1999km,
      author         = "Krehl, O. and Hanhart, C. and Krewald, S. and Speth, J.",
      title          = "{What is the structure of the Roper resonance?}",
      journal        = "Phys. Rev.",
      volume         = "C62",
      year           = "2000",
      pages          = "025207",
      doi            = "10.1103/PhysRevC.62.025207",
      eprint         = "nucl-th/9911080",
      archivePrefix  = "arXiv",
      primaryClass   = "nucl-th",
      reportNumber   = "FZJ-IKP-TH-99-30, NT-UW-99-58, DOE-ER-40561-77",
      SLACcitation   = "%%CITATION = NUCL-TH/9911080;%%"
}
@article{Schutz:1998jx,
      author         = "Schutz, C. and Haidenbauer, J. and Speth, J. and Durso,
                        J. W.",
      title          = "{Extended coupled channels model for pi N scattering and
                        the structure of N*(1440) and N*(1535)}",
      journal        = "Phys. Rev.",
      volume         = "C57",
      year           = "1998",
      pages          = "1464-1477",
      doi            = "10.1103/PhysRevC.57.1464",
      SLACcitation   = "%%CITATION = PHRVA,C57,1464;%%"
}
@article{Liu:2016uzk,
      author         = "Liu, Zhan-Wei and Kamleh, Waseem and Leinweber, Derek B.
                        and Stokes, Finn M. and Thomas, Anthony W. and Wu,
                        Jia-Jun",
      title          = "{Hamiltonian effective field theory study of the
                        $\mathbf{N^*(1440)}$ resonance in lattice QCD}",
      journal        = "Phys. Rev.",
      volume         = "D95",
      year           = "2017",
      number         = "3",
      pages          = "034034",
      doi            = "10.1103/PhysRevD.95.034034",
      eprint         = "1607.04536",
      archivePrefix  = "arXiv",
      primaryClass   = "nucl-th",
      reportNumber   = "ADP-16-27-T982",
      SLACcitation   = "%%CITATION = ARXIV:1607.04536;%%"
}
@article{Matsuyama:2006rp,
      author         = "Matsuyama, A. and Sato, T. and Lee, T. -S. H.",
      title          = "{Dynamical coupled-channel model of meson production
                        reactions in the nucleon resonance region}",
      journal        = "Phys. Rept.",
      volume         = "439",
      year           = "2007",
      pages          = "193-253",
      doi            = "10.1016/j.physrep.2006.12.003",
      eprint         = "nucl-th/0608051",
      archivePrefix  = "arXiv",
      primaryClass   = "nucl-th",
      SLACcitation   = "%%CITATION = NUCL-TH/0608051;%%"
}
@article{Jaffe:2004zg,
      author         = "Jaffe, Robert and Wilczek, Frank",
      title          = "{A Perspective on pentaquarks}",
      booktitle      = "{Proceedings, International Europhysics Conference on
                        High energy physics (HEP 2003): Aachen, Germany, July
                        17-23, 2003}",
      journal        = "Eur. Phys. J.",
      volume         = "C33",
      year           = "2004",
      pages          = "S38-S42",
      doi            = "10.1140/epjcd/s2004-03-1696-8",
      eprint         = "hep-ph/0401034",
      archivePrefix  = "arXiv",
      primaryClass   = "hep-ph",
      SLACcitation   = "%%CITATION = HEP-PH/0401034;%%"
}
@article{JuliaDiaz:2006av,
      author         = "Julia-Diaz, B. and Riska, D. O.",
      title          = "{The Role of qqqq anti-q components in the nucleon and
                        the N(1440) resonance}",
      journal        = "Nucl. Phys.",
      volume         = "A780",
      year           = "2006",
      pages          = "175-186",
      doi            = "10.1016/j.nuclphysa.2006.09.016",
      eprint         = "nucl-th/0609064",
      archivePrefix  = "arXiv",
      primaryClass   = "nucl-th",
      SLACcitation   = "%%CITATION = NUCL-TH/0609064;%%"
}
@article{Golowich:1982kx,
      author         = "Golowich, Eugene and Haqq, Emmanuel and Karl, Gabriel",
      title          = "{ARE THERE BARYONS WHICH CONTAIN CONSITUTUENT GLUONS?}",
      journal        = "Phys. Rev.",
      volume         = "D28",
      year           = "1983",
      pages          = "160",
      doi            = "10.1103/PhysRevD.28.160, 10.1103/PhysRevD.33.859",
      note           = "[Erratum: Phys. Rev.D33,859(1986)]",
      reportNumber   = "UMHEP-176",
      SLACcitation   = "%%CITATION = PHRVA,D28,160;%%"
}
@article{Kisslinger:1995yw,
      author         = "Kisslinger, L. S. and Li, Z. P.",
      title          = "{Hybrid baryons via QCD sum rules}",
      journal        = "Phys. Rev.",
      volume         = "D51",
      year           = "1995",
      pages          = "R5986-R5989",
      doi            = "10.1103/PhysRevD.51.R5986",
      SLACcitation   = "%%CITATION = PHRVA,D51,R5986;%%"
}
@article{Glozman:1995fu,
      author         = "Glozman, L. {\relax Ya}. and Riska, D. O.",
      title          = "{The Spectrum of the nucleons and the strange hyperons
                        and chiral dynamics}",
      journal        = "Phys. Rept.",
      volume         = "268",
      year           = "1996",
      pages          = "263-303",
      doi            = "10.1016/0370-1573(95)00062-3",
      eprint         = "hep-ph/9505422",
      archivePrefix  = "arXiv",
      primaryClass   = "hep-ph",
      reportNumber   = "DOE-ER-40561-187, INT-95-16-01",
      SLACcitation   = "%%CITATION = HEP-PH/9505422;%%"
}
@article{Glozman:1997ag,
      author         = "Glozman, L. {\relax Ya}. and Plessas, Willibald and
                        Varga, K. and Wagenbrunn, R. F.",
      title          = "{Unified description of light and strange baryon
                        spectra}",
      journal        = "Phys. Rev.",
      volume         = "D58",
      year           = "1998",
      pages          = "094030",
      doi            = "10.1103/PhysRevD.58.094030",
      eprint         = "hep-ph/9706507",
      archivePrefix  = "arXiv",
      primaryClass   = "hep-ph",
      reportNumber   = "UNIGRAZ-UTP-25-06-97",
      SLACcitation   = "%%CITATION = HEP-PH/9706507;%%"
}
@article{Alberto:2001fy,
      author         = "Alberto, P. and Fiolhais, M. and Golli, B. and Marques,
                        J.",
      title          = "{N* electroproduction amplitudes in a model with
                        dynamical confinement}",
      journal        = "Phys. Lett.",
      volume         = "B523",
      year           = "2001",
      pages          = "273-279",
      doi            = "10.1016/S0370-2693(01)01348-X",
      eprint         = "hep-ph/0103171",
      archivePrefix  = "arXiv",
      primaryClass   = "hep-ph",
      SLACcitation   = "%%CITATION = HEP-PH/0103171;%%"
}
@article{Golli:2007sa,
      author         = "Golli, Bojan and Sirca, Simon",
      title          = "{Roper resonances in chiral quark models}",
      journal        = "Eur. Phys. J.",
      volume         = "A38",
      year           = "2008",
      pages          = "271-286",
      doi            = "10.1140/epja/i2008-10677-3",
      eprint         = "0708.3759",
      archivePrefix  = "arXiv",
      primaryClass   = "hep-ph",
      SLACcitation   = "%%CITATION = ARXIV:0708.3759;%%"
}
@article{Hoferichter:2015hva,
      author         = "Hoferichter, Martin and Ruiz de Elvira, Jacobo and Kubis,
                        Bastian and Meißner, Ulf-G.",
      title          = "{Roy–Steiner-equation analysis of pion–nucleon
                        scattering}",
      journal        = "Phys. Rept.",
      volume         = "625",
      year           = "2016",
      pages          = "1-88",
      doi            = "10.1016/j.physrep.2016.02.002",
      eprint         = "1510.06039",
      archivePrefix  = "arXiv",
      primaryClass   = "hep-ph",
      reportNumber   = "INT-PUB-15-050",
      SLACcitation   = "%%CITATION = ARXIV:1510.06039;%%"
}
@article{Leinweber:2015kyz,
      author         = "Leinweber, Derek and Kamleh, Waseem and Kiratidis, Adrian
                        and Liu, Zhan-Wei and Mahbub, Selim and Roberts, Dale and
                        Stokes, Finn and Thomas, Anthony W. and Wu, Jiajun",
      title          = "{N* Spectroscopy from Lattice QCD: The Roper Explained}",
      booktitle      = "{Proceedings, 10th International Workshop on the Physics
                        of Excited Nucleons (NSTAR 2015): Osaka, Japan, May 25-28,
                        2015}",
      journal        = "JPS Conf. Proc.",
      volume         = "10",
      year           = "2016",
      pages          = "010011",
      doi            = "10.7566/JPSCP.10.010011",
      eprint         = "1511.09146 {\it references within}",
      archivePrefix  = "arXiv",
      primaryClass   = "hep-lat",
      reportNumber   = "ADP-15-45-T947",
      SLACcitation   = "%%CITATION = ARXIV:1511.09146;%%"
}
@article{Crede:2013sze,
      author         = "Crede, V. and Roberts, W.",
      title          = "{Progress towards understanding baryon resonances}",
      journal        = "Rept. Prog. Phys.",
      volume         = "76",
      year           = "2013",
      pages          = "076301",
      doi            = "10.1088/0034-4885/76/7/076301",
      eprint         = "1302.7299 {\it references within}",
      archivePrefix  = "arXiv",
      primaryClass   = "nucl-ex",
      SLACcitation   = "%%CITATION = ARXIV:1302.7299;%%"
}
@article{Lang:2016hnn,
      author         = "Lang, C. B. and Leskovec, L. and Padmanath, M. and
                        Prelovsek, S.",
      title          = "{Pion-nucleon scattering in the Roper channel from
                        lattice QCD}",
      journal        = "Phys. Rev.",
      volume         = "D95",
      year           = "2017",
      number         = "1",
      pages          = "014510",
      doi            = "10.1103/PhysRevD.95.014510",
      eprint         = "1610.01422",
      archivePrefix  = "arXiv",
      primaryClass   = "hep-lat",
      reportNumber   = "JLAB-THY-16-2330",
      SLACcitation   = "%%CITATION = ARXIV:1610.01422;%%"
}
@article{Roberts:2013ipa,
      author         = "Roberts, Dale S. and Kamleh, Waseem and Leinweber, Derek
                        B.",
      title          = "{Wave Function of the Roper from Lattice QCD}",
      journal        = "Phys. Lett.",
      volume         = "B725",
      year           = "2013",
      pages          = "164-169",
      doi            = "10.1016/j.physletb.2013.06.056",
      eprint         = "1304.0325",
      archivePrefix  = "arXiv",
      primaryClass   = "hep-lat",
      SLACcitation   = "%%CITATION = ARXIV:1304.0325;%%"
}
@article{Hansen:2015zga,
      author         = "Hansen, Maxwell T. and Sharpe, Stephen R.",
      title          = "{Expressing the three-particle finite-volume spectrum in
                        terms of the three-to-three scattering amplitude}",
      journal        = "Phys. Rev.",
      volume         = "D92",
      year           = "2015",
      number         = "11",
      pages          = "114509",
      doi            = "10.1103/PhysRevD.92.114509",
      eprint         = "1504.04248",
      archivePrefix  = "arXiv",
      primaryClass   = "hep-lat",
      SLACcitation   = "%%CITATION = ARXIV:1504.04248;%%"
}
@article{Hansen:2016ync,
      author         = "Hansen, Maxwell T. and Sharpe, Stephen R.",
      title          = "{Applying the relativistic quantization condition to a
                        three-particle bound state in a periodic box}",
      journal        = "Phys. Rev.",
      volume         = "D95",
      year           = "2017",
      number         = "3",
      pages          = "034501",
      doi            = "10.1103/PhysRevD.95.034501",
      eprint         = "1609.04317",
      archivePrefix  = "arXiv",
      primaryClass   = "hep-lat",
      SLACcitation   = "%%CITATION = ARXIV:1609.04317;%%"
}
@article{Edwards:2011jj,
      author         = "Edwards, Robert G. and Dudek, Jozef J. and Richards,
                        David G. and Wallace, Stephen J.",
      title          = "{Excited state baryon spectroscopy from lattice QCD}",
      journal        = "Phys. Rev.",
      volume         = "D84",
      year           = "2011",
      pages          = "074508",
      doi            = "10.1103/PhysRevD.84.074508",
      eprint         = "1104.5152",
      archivePrefix  = "arXiv",
      primaryClass   = "hep-ph",
      reportNumber   = "JLAB-THY-11-1370",
      SLACcitation   = "%%CITATION = ARXIV:1104.5152;%%"
}
@article{Wu:2017qve,
      author         = "Wu, Jia-jun and Leinweber, Derek B. and Liu, Zhan-wei and
                        Thomas, Anthony W.",
      title          = "{Structure of the Roper Resonance from Lattice QCD
                        Constraints}",
      year           = "2017",
      eprint         = "1703.10715",
      archivePrefix  = "arXiv",
      primaryClass   = "nucl-th",
      reportNumber   = "ADP-17-13-T1019",
      SLACcitation   = "%%CITATION = ARXIV:1703.10715;%%"
}
@article{Alexandrou:2013fsu,
      author         = "Alexandrou, C. and Korzec, T. and Koutsou, G. and
                        Leontiou, T.",
      title          = "{Nucleon Excited States in N$_f$=2 lattice QCD}",
      journal        = "Phys. Rev.",
      volume         = "D89",
      year           = "2014",
      number         = "3",
      pages          = "034502",
      doi            = "10.1103/PhysRevD.89.034502",
      eprint         = "1302.4410",
      archivePrefix  = "arXiv",
      primaryClass   = "hep-lat",
      SLACcitation   = "%%CITATION = ARXIV:1302.4410;%%"
}
@article{Alexandrou:2014mka,
      author         = "Alexandrou, C. and Leontiou, T. and Papanicolas, C. N.
                        and Stiliaris, E.",
      title          = "{Novel analysis method for excited states in lattice QCD:
                        The nucleon case}",
      journal        = "Phys. Rev.",
      volume         = "D91",
      year           = "2015",
      number         = "1",
      pages          = "014506",
      doi            = "10.1103/PhysRevD.91.014506",
      eprint         = "1411.6765",
      archivePrefix  = "arXiv",
      primaryClass   = "hep-lat",
      SLACcitation   = "%%CITATION = ARXIV:1411.6765;%%"
}
@article{Engel:2013ig,
      author         = "Engel, Georg P. and Lang, C. B. and Mohler, Daniel and
                        Schäfer, Andreas",
      title          = "{QCD with Two Light Dynamical Chirally Improved Quarks:
                        Baryons}",
      collaboration  = "BGR",
      journal        = "Phys. Rev.",
      volume         = "D87",
      year           = "2013",
      number         = "7",
      pages          = "074504",
      doi            = "10.1103/PhysRevD.87.074504",
      eprint         = "1301.4318",
      archivePrefix  = "arXiv",
      primaryClass   = "hep-lat",
      reportNumber   = "FERMILAB-PUB-13-028-T",
      SLACcitation   = "%%CITATION = ARXIV:1301.4318;%%"
}
@article{Mahbub:2013ala,
      author         = "Mahbub, M. Selim and Kamleh, Waseem and Leinweber, Derek
                        B. and Moran, Peter J. and Williams, Anthony G.",
      title          = "{Structure and Flow of the Nucleon Eigenstates in Lattice
                        QCD}",
      journal        = "Phys. Rev.",
      volume         = "D87",
      year           = "2013",
      number         = "9",
      pages          = "094506",
      doi            = "10.1103/PhysRevD.87.094506",
      eprint         = "1302.2987",
      archivePrefix  = "arXiv",
      primaryClass   = "hep-lat",
      reportNumber   = "ADP-13-06-T826",
      SLACcitation   = "%%CITATION = ARXIV:1302.2987;%%"
}








































